@book{ProGit,
   author = "Scott Chacon and Ben Straub",
   title = "{Pro Git}",
   year = "2014",
   publisher = "Apress",
   Edition = "Second",
   note="\url{https://git-scm.com/book/en/v2}"
}
